@article{huang2024enhancing,
  author = {Huang, Rangpei},
  title = {Enhancing Well-being and User Experience: Electric Sticky Notes, UI Design Colors, Login Preferences, and Clear Webpages},
  journal = {Highlights in Science, Engineering and Technology},
  volume = {85},
  year = {2024},
  pages = {816--823},
  month = {03},
  doi = {10.54097/demxws42},
  issn = {2791-0210},
  publisher = {CSIC}
}

@article{radianti2020,
  author = {Radianti, J. and Majchrzak, T. A. and Fromm, J. and Wohlgenannt, I.},
  title = {A systematic review of immersive virtual reality applications for higher education: Design elements, lessons learned, and research agenda},
  journal = {Computers \& Education},
  volume = {147},
  pages = {103778},
  year = {2020}
}

@inproceedings{wen2021color,
  author = {Wen, Guoying},
  title = {Research on Color Design Principles of UI Interface of Mobile Applications Based on Vision},
  booktitle = {2021 IEEE International Conference on Advances in Electrical Engineering and Computer Applications (AEECA)},
  year = {2021},
  month = aug,
  pages = {539--542},
  publisher = {IEEE},
  address = {Dalian, China},
  doi = {10.1109/AEECA52519.2021.9574226},
  isbn = {978-1-6654-3561-1}
}

@inproceedings{slavova2018comparative,
  author = {Slavova, Yoana and Mu, Mu},
  title = {A Comparative Study of the Learning Outcomes and Experience of VR in Education},
  booktitle = {2018 IEEE Conference on Virtual Reality and 3D User Interfaces (VR)},
  year = {2018},
  month = mar,
  pages = {685--686},
  publisher = {IEEE},
  address = {Reutlingen, Germany},
  doi = {10.1109/VR.2018.8446486},
  isbn = {978-1-5386-3365-6}
}

@incollection{keene2018building,
  author = {Keene, Sam},
  title = {Building UI in VR},
  booktitle = {Google Daydream VR Cookbook},
  publisher = {Pearson Education, Limited},
  address = {United States},
  year = {2018},
  isbn = {9780134845517},
  eisbn = {9780134845562}
}

@inproceedings{yang2021effect,
  author = {Yang, Wenya and Li, Qing and Wang, Xue},
  title = {The Effect of PowerPoint Theme Color on Learners' Learning Effectiveness and Emotions},
  booktitle = {2021 IEEE 24th International Conference on Computer Supported Cooperative Work in Design (CSCWD)},
  year = {2021},
  month = may,
  pages = {510--512},
  publisher = {IEEE},
  address = {Dalian, China},
  doi = {10.1109/CSCWD49262.2021.9437633},
  isbn = {978-1-7281-6597-4}
}